@misc{ai-wikipedia,
  author={Wikipedia},
  title={Künstliche Intelligenz},
  url={https://de.wikipedia.org/wiki/K%C3%BCnstliche_Intelligenz},
  urldate={2023-04-20},
  year={2023}
}

@misc{ai-wikipedia,
  author={moin ai},
  title={Trainingsdaten und KI: So wird ein Chatbot trainiert},
  url={https://www.moin.ai/chatbot-lexikon/chatbot-trainieren-trainingsdaten-ki},
  urldate={2023-05-31},
  year={2024}
}

@misc{ai-wikipedia,
  author={},
  title={Künstliche Intelligenz},
  url={https://www.tuev-nord.de/explore/de/erklaert/wie-lernt-ki/},
  urldate={2'23-05-31},
  year={2024}
}


@misc{ai-wikipedia,
  author={},
  title={Künstliche Intelligenz},
  url={https://www.haendlerbund.de/de/ratgeber/recht/chatgpt-datenschutz},
  urldate={23-05-2024},
  year={2024}

}

@misc{ai-wikipedia,
  author={},
  title={Künstliche Intelligenz},
  url={https://lawpilots.com/de/blog/datenschutz/chatgpt-sicherheit/},
  urldate={23-05-2024},
  year={2024}

}


@misc{ai-wikipedia,
  author={},
  title={Künstliche Intelligenz},
  url={https://hub.hslu.ch/informatik/strongeine-neue-ki-zeit-bricht-an-wie-wir-chatgpt-und-co-nutzen-strong/},
  urldate={23-05-2024},
  year={2024}

}



@misc{ai-wikipedia,
  author={},
  title={Künstliche Intelligenz},
  url={https://blogs.tu-berlin.de/datenschutz_notizen/2023/09/29/datenschutzaspekte-bei-chatgpt/},
  urldate={23-05-2024},
  year={2024}

}
